ketchup@ketchup-XPS-13-9360.10619:1580834687