@article{Hu:2001kj,
      author         = "Hu, Wayne and Okamoto, Takemi",
      title          = "{Mass reconstruction with cmb polarization}",
      journal        = "Astrophys. J.",
      volume         = "574",
      year           = "2002",
      pages          = "566-574",
      doi            = "10.1086/341110",
      eprint         = "astro-ph/0111606",
      archivePrefix  = "arXiv",
      primaryClass   = "astro-ph",
      SLACcitation   = "%%CITATION = ASTRO-PH/0111606;%%"
}


@article{Ferraro:2017fac,
      author         = "Ferraro, Simone and Hill, J. Colin",
      title          = "{Bias to CMB Lensing Reconstruction from Temperature
                        Anisotropies due to Large-Scale Galaxy Motions}",
      journal        = "Phys. Rev.",
      volume         = "D97",
      year           = 2018,
      number         = 2,
      pages          = 023512,
      doi            = "10.1103/PhysRevD.97.023512",
      eprint         = "1705.06751",
      archivePrefix  = "arXiv",
      primaryClass   = "astro-ph.CO",
      SLACcitation   = "%%CITATION = ARXIV:1705.06751;%%"
}

@article{Lewis:2006fu,
      author         = "Lewis, Antony and Challinor, Anthony",
      title          = "{Weak gravitational lensing of the CMB}",
      journal        = "Phys. Rept.",
      volume         = "429",
      year           = "2006",
      pages          = "1-65",
      doi            = "10.1016/j.physrep.2006.03.002",
      eprint         = "astro-ph/0601594",
      archivePrefix  = "arXiv",
      primaryClass   = "astro-ph",
      SLACcitation   = "%%CITATION = ASTRO-PH/0601594;%%"
}

@article{Smith:2016lnt,
      author         = "Smith, Kendrick M. and Ferraro, Simone",
      title          = "{Detecting Patchy Reionization in the Cosmic Microwave
                        Background}",
      journal        = "Phys. Rev. Lett.",
      volume         = "119",
      year           = "2017",
      number         = "2",
      pages          = "021301",
      doi            = "10.1103/PhysRevLett.119.021301",
      eprint         = "1607.01769",
      archivePrefix  = "arXiv",
      primaryClass   = "astro-ph.CO",
      SLACcitation   = "%%CITATION = ARXIV:1607.01769;%%"
}

@article{Alvarez:2015xzu,
      author         = "Alvarez, Marcelo A.",
      title          = "{The Kinetic Sunyaev–Zel’dovich Effect From
                        Reionization: Simulated Full-sky Maps at Arcminute
                        Resolution}",
      journal        = "Astrophys. J.",
      volume         = "824",
      year           = "2016",
      number         = "2",
      pages          = "118",
      doi            = "10.3847/0004-637X/824/2/118",
      eprint         = "1511.02846",
      archivePrefix  = "arXiv",
      primaryClass   = "astro-ph.CO",
      SLACcitation   = "%%CITATION = ARXIV:1511.02846;%%"
}

@article{Smith:2009pn,
      author         = "Smith, Robert E. and Hernandez-Monteagudo, Carlos and
                        Seljak, Uros",
      title          = "{Impact of Scale Dependent Bias and Nonlinear Structure
                        Growth on the ISW Effect: Angular Power Spectra}",
      journal        = "Phys. Rev.",
      volume         = "D80",
      year           = "2009",
      pages          = "063528",
      doi            = "10.1103/PhysRevD.80.063528",
      eprint         = "0905.2408",
      archivePrefix  = "arXiv",
      primaryClass   = "astro-ph.CO",
      SLACcitation   = "%%CITATION = ARXIV:0905.2408;%%"
}

@article{Alvarez:2015xzu,
      author         = "Alvarez, Marcelo A.",
      title          = "{The Kinetic Sunyaev–Zel’dovich Effect From
                        Reionization: Simulated Full-sky Maps at Arcminute
                        Resolution}",
      journal        = "Astrophys. J.",
      volume         = "824",
      year           = "2016",
      number         = "2",
      pages          = "118",
      doi            = "10.3847/0004-637X/824/2/118",
      eprint         = "1511.02846",
      archivePrefix  = "arXiv",
      primaryClass   = "astro-ph.CO",
      SLACcitation   = "%%CITATION = ARXIV:1511.02846;%%"
}

@article{Henderson:2015nzj,
      author         = "Henderson, S. W. and others",
      title          = "{Advanced ACTPol Cryogenic Detector Arrays and Readout}",
      booktitle      = "{Proceedings, 16th International Workshop on Low
                        Temperature Detectors (LTD 16): Grenoble, France, July
                        20-24, 2015}",
      journal        = "J. Low. Temp. Phys.",
      volume         = "184",
      year           = "2016",
      number         = "3-4",
      pages          = "772-779",
      doi            = "10.1007/s10909-016-1575-z",
      eprint         = "1510.02809",
      archivePrefix  = "arXiv",
      primaryClass   = "astro-ph.IM",
      SLACcitation   = "%%CITATION = ARXIV:1510.02809;%%"
}

@article{Benson:2014qhw,
      author         = "Benson, B. A. and others",
      title          = "{SPT-3G: A Next-Generation Cosmic Microwave Background
                        Polarization Experiment on the South Pole Telescope}",
      booktitle      = "{Proceedings, SPIE Astronomical Telescopes +
                        Instrumentation 2014: Millimeter, Submillimeter, and
                        Far-Infrared Detectors and Instrumentation for Astronomy
                        VII: Montreal, Quebec, Canada, June 24-27, 2014}",
      collaboration  = "SPT-3G",
      journal        = "Proc. SPIE Int. Soc. Opt. Eng.",
      volume         = "9153",
      year           = "2014",
      pages          = "91531P",
      doi            = "10.1117/12.2057305",
      eprint         = "1407.2973",
      archivePrefix  = "arXiv",
      primaryClass   = "astro-ph.IM",
      reportNumber   = "FERMILAB-CONF-14-197-AE",
      SLACcitation   = "%%CITATION = ARXIV:1407.2973;%%"
}

@article{Ade:2018sbj,
      author         = "Ade, Peter and others",
      title          = "{The Simons Observatory: Science goals and forecasts}",
      collaboration  = "Simons Observatory",
      journal        = "JCAP",
      volume         = "1902",
      year           = "2019",
      pages          = "056",
      doi            = "10.1088/1475-7516/2019/02/056",
      eprint         = "1808.07445",
      archivePrefix  = "arXiv",
      primaryClass   = "astro-ph.CO",
      SLACcitation   = "%%CITATION = ARXIV:1808.07445;%%"
}

@article{Abazajian:2016yjj,
      author         = "Abazajian, Kevork N. and others",
      title          = "{CMB-S4 Science Book, First Edition}",
      collaboration  = "CMB-S4",
      year           = "2016",
      eprint         = "1610.02743",
      archivePrefix  = "arXiv",
      primaryClass   = "astro-ph.CO",
      reportNumber   = "FERMILAB-FN-1024-A-AE",
      SLACcitation   = "%%CITATION = ARXIV:1610.02743;%%"
}

@article{Stein:2020its,
      author         = "Stein, George and Alvarez, Marcelo A. and Bond, J.
                        Richard and van Engelen, Alexander and Battaglia,
                        Nicholas",
      title          = "{The Websky Extragalactic CMB Simulations}",
      year           = "2020",
      eprint         = "2001.08787",
      archivePrefix  = "arXiv",
      primaryClass   = "astro-ph.CO",
      SLACcitation   = "%%CITATION = ARXIV:2001.08787;%%"
}

@article{Kamionkowski:1996ks,
      author         = "Kamionkowski, Marc and Kosowsky, Arthur and Stebbins,
                        Albert",
      title          = "{Statistics of cosmic microwave background polarization}",
      journal        = "Phys. Rev.",
      volume         = "D55",
      year           = "1997",
      pages          = "7368-7388",
      doi            = "10.1103/PhysRevD.55.7368",
      eprint         = "astro-ph/9611125",
      archivePrefix  = "arXiv",
      primaryClass   = "astro-ph",
      reportNumber   = "FERMILAB-PUB-96-426-A, CU-TP-787, CAL-617",
      SLACcitation   = "%%CITATION = ASTRO-PH/9611125;%%"
}

@article{Zaldarriaga:1998ar,
      author         = "Zaldarriaga, Matias and Seljak, Uros",
      title          = "{Gravitational lensing effect on cosmic microwave
                        background polarization}",
      journal        = "Phys. Rev.",
      volume         = "D58",
      year           = "1998",
      pages          = "023003",
      doi            = "10.1103/PhysRevD.58.023003",
      eprint         = "astro-ph/9803150",
      archivePrefix  = "arXiv",
      primaryClass   = "astro-ph",
      SLACcitation   = "%%CITATION = ASTRO-PH/9803150;%%"
}

@article{Hu:2000ee,
      author         = "Hu, Wayne",
      title          = "{Weak lensing of the CMB: A harmonic approach}",
      journal        = "Phys. Rev.",
      volume         = "D62",
      year           = "2000",
      pages          = "043007",
      doi            = "10.1103/PhysRevD.62.043007",
      eprint         = "astro-ph/0001303",
      archivePrefix  = "arXiv",
      primaryClass   = "astro-ph",
      SLACcitation   = "%%CITATION = ASTRO-PH/0001303;%%"
}

@article{Okamoto:2003zw,
      author         = "Okamoto, Takemi and Hu, Wayne",
      title          = "{CMB lensing reconstruction on the full sky}",
      journal        = "Phys. Rev.",
      volume         = "D67",
      year           = "2003",
      pages          = "083002",
      doi            = "10.1103/PhysRevD.67.083002",
      eprint         = "astro-ph/0301031",
      archivePrefix  = "arXiv",
      primaryClass   = "astro-ph",
      SLACcitation   = "%%CITATION = ASTRO-PH/0301031;%%"
}

@article{Okamoto:2003zw,
      author         = "Okamoto, Takemi and Hu, Wayne",
      title          = "{CMB lensing reconstruction on the full sky}",
      journal        = "Phys. Rev.",
      volume         = "D67",
      year           = "2003",
      pages          = "083002",
      doi            = "10.1103/PhysRevD.67.083002",
      eprint         = "astro-ph/0301031",
      archivePrefix  = "arXiv",
      primaryClass   = "astro-ph",
      SLACcitation   = "%%CITATION = ASTRO-PH/0301031;%%"
}